<record><leader>00000cas a2200000 a 4500</leader><controlfield tag="001">12092279</controlfield><controlfield tag="008">850529d18771877ksumr ne      0    0eng d</controlfield><datafield ind1=" " ind2=" " tag="010"><subfield code="a">sn 85030344 </subfield></datafield><datafield ind1=" " ind2=" " tag="040"><subfield code="a">KSH</subfield><subfield code="b">eng</subfield><subfield code="c">KSH</subfield><subfield code="d">NPT</subfield><subfield code="d">OCL</subfield><subfield code="d">OCLCQ</subfield></datafield><datafield ind1=" " ind2=" " tag="042"><subfield code="a">msc</subfield></datafield><datafield ind1="0" ind2="4" tag="245"><subfield code="a">The Beloit record.</subfield></datafield><datafield ind1=" " ind2=" " tag="260"><subfield code="a">Beloit, Kan. :</subfield><subfield code="b">Kelly &amp; Bertram,</subfield><subfield code="c">1877.</subfield></datafield><datafield ind1=" " ind2=" " tag="300"><subfield code="a">1 v. ;</subfield><subfield code="c">46 cm.</subfield></datafield><datafield ind1=" " ind2=" " tag="310"><subfield code="a">Monthly</subfield></datafield><datafield ind1="0" ind2=" " tag="362"><subfield code="a">Vol. 1, no. 1 (Feb. 20, 1877)-v. 1, no. 11 (Dec. 30, 1877).</subfield></datafield><datafield ind1=" " ind2=" " tag="580"><subfield code="a">Issued also in weekly edition called: Beloit weekly record.</subfield></datafield><datafield ind1=" " ind2=" " tag="752"><subfield code="a">United States</subfield><subfield code="b">Kansas</subfield><subfield code="c">Mitchell</subfield><subfield code="d">Beloit.</subfield></datafield><datafield ind1="1" ind2=" " tag="775"><subfield code="t">Beloit weekly record</subfield><subfield code="w">(DLC)sn 85030345</subfield></datafield><datafield ind1="0" ind2="4" tag="785"><subfield code="t">Beloit weekly record</subfield><subfield code="w">(DLC)sn 85030345</subfield></datafield></record>